@article{London:2014cma,
      author         = "London, Lionel and Shoemaker, Deirdre and Healy, James",
      title          = "{Modeling ringdown: Beyond the fundamental quasinormal
                        modes}",
      journal        = "Phys. Rev.",
      volume         = "D90",
      year           = "2014",
      number         = "12",
      pages          = "124032",
      doi            = "10.1103/PhysRevD.90.124032",
      eprint         = "1404.3197",
      archivePrefix  = "arXiv",
      primaryClass   = "gr-qc",
      SLACcitation   = "%%CITATION = ARXIV:1404.3197;%%"
}

@article{Anderson:2000yy,
      author         = "Anderson, Warren G. and Brady, Patrick R. and Creighton,
                        Jolien D. E. and Flanagan, Eanna E.",
      title          = "{An Excess power statistic for detection of burst sources
                        of gravitational radiation}",
      journal        = "Phys. Rev.",
      volume         = "D63",
      year           = "2001",
      pages          = "042003",
      doi            = "10.1103/PhysRevD.63.042003",
      eprint         = "gr-qc/0008066",
      archivePrefix  = "arXiv",
      primaryClass   = "gr-qc",
      SLACcitation   = "%%CITATION = GR-QC/0008066;%%"
}

@article{Berti:2005ys,
      author         = "Berti, Emanuele and Cardoso, Vitor and Will, Clifford M.",
      title          = "{On gravitational-wave spectroscopy of massive black
                        holes with the space interferometer LISA}",
      journal        = "Phys. Rev.",
      volume         = "D73",
      year           = "2006",
      pages          = "064030",
      doi            = "10.1103/PhysRevD.73.064030",
      eprint         = "gr-qc/0512160",
      archivePrefix  = "arXiv",
      primaryClass   = "gr-qc",
      SLACcitation   = "%%CITATION = GR-QC/0512160;%%"
}

@Article{Leaver85,
	author = "E.W. Leaver",
	title = "{An Analytic representation for the quasi normal modes of Kerr black holes}",
	journal = "Proc.Roy.Soc.Lond.",
	volume = "A402",
	pages = "285--298",
	year = "1985",
	SLACcitation = "%%CITATION = PRSLA,A402,285;%%"
}

@article{Yang:2012pj,
      author         = "Yang, Huan and Zhang, Fan and Zimmerman, Aaron and
                        Nichols, David A. and Berti, Emanuele and Chen, Yanbei",
      title          = "{Branching of quasinormal modes for nearly extremal Kerr
                        black holes}",
      journal        = "Phys. Rev.",
      volume         = "D87",
      year           = "2013",
      number         = "4",
      pages          = "041502",
      doi            = "10.1103/PhysRevD.87.041502",
      eprint         = "1212.3271",
      archivePrefix  = "arXiv",
      primaryClass   = "gr-qc",
      SLACcitation   = "%%CITATION = ARXIV:1212.3271;%%"
}

@article{Zimmerman:2015rua,
      author         = "Zimmerman, Aaron and Yang, Huan and Zhang, Fan and
                        Nichols, David A. and Berti, Emanuele and Chen, Yanbei",
      title          = "{Reply to "On the branching of quasinormal resonances of
                        near-extremal Kerr black holes" by Shahar Hod}",
      year           = "2015",
      eprint         = "1510.08159",
      archivePrefix  = "arXiv",
      primaryClass   = "gr-qc",
      SLACcitation   = "%%CITATION = ARXIV:1510.08159;%%"
}

@article{Zimmerman:2015trm,
      author         = "Zimmerman, Aaron and Mark, Zachary",
      title          = "{Damped and zero-damped quasinormal modes of charged,
                        nearly extremal black holes}",
      journal        = "Phys. Rev.",
      volume         = "D93",
      year           = "2016",
      number         = "4",
      pages          = "044033",
      doi            = "10.1103/PhysRevD.93.044033, 10.1103/PhysRevD.93.089905",
      note           = "[Erratum: Phys. Rev.D93,no.8,089905(2016)]",
      eprint         = "1512.02247",
      archivePrefix  = "arXiv",
      primaryClass   = "gr-qc",
      SLACcitation   = "%%CITATION = ARXIV:1512.02247;%%"
}

@article{Dias:2015wqa,
      author         = "Dias, Oscar J. C. and Godazgar, Mahdi and Santos, Jorge
                        E.",
      title          = "{Linear Mode Stability of the Kerr-Newman Black Hole and
                        Its Quasinormal Modes}",
      journal        = "Phys. Rev. Lett.",
      volume         = "114",
      year           = "2015",
      number         = "15",
      pages          = "151101",
      doi            = "10.1103/PhysRevLett.114.151101",
      eprint         = "1501.04625",
      archivePrefix  = "arXiv",
      primaryClass   = "gr-qc",
      SLACcitation   = "%%CITATION = ARXIV:1501.04625;%%"
}
